<record><leader>00000cas a22000007a 4500</leader><controlfield tag="001">25596295</controlfield><controlfield tag="008">920406d18731874ncusr ne      0    0eng d</controlfield><datafield ind1=" " ind2=" " tag="010"><subfield code="a">sn 92073990 </subfield></datafield><datafield ind1=" " ind2=" " tag="040"><subfield code="a">NVJ</subfield><subfield code="b">eng</subfield><subfield code="c">NVJ</subfield><subfield code="d">OCLCQ</subfield></datafield><datafield ind1=" " ind2=" " tag="042"><subfield code="a">msc</subfield></datafield><datafield ind1="0" ind2=" " tag="130"><subfield code="a">Woman's right (Wadesboro, N.C.)</subfield></datafield><datafield ind1="1" ind2="4" tag="245"><subfield code="a">The woman's right.</subfield></datafield><datafield ind1=" " ind2=" " tag="260"><subfield code="a">Wadesboro, N.C. :</subfield><subfield code="b">J.T. Patrick</subfield></datafield><datafield ind1=" " ind2=" " tag="300"><subfield code="a">v.</subfield></datafield><datafield ind1=" " ind2=" " tag="310"><subfield code="a">Semimonthly</subfield></datafield><datafield ind1="1" ind2=" " tag="362"><subfield code="a">Began in 1873; ceased in 1874.</subfield></datafield><datafield ind1=" " ind2=" " tag="588"><subfield code="a">Description based on: Vol. 1, no. 10 (Apr. 30, 1874).</subfield></datafield><datafield ind1=" " ind2=" " tag="752"><subfield code="a">United States</subfield><subfield code="b">North Carolina</subfield><subfield code="c">Anson</subfield><subfield code="d">Wadesboro.</subfield></datafield><datafield ind1="0" ind2="0" tag="785"><subfield code="t">People's literary casket</subfield><subfield code="w">(DLC)sn 92073991</subfield></datafield></record>